<record><leader>00000cas a22000007a 4500</leader><controlfield tag="001">18524761</controlfield><controlfield tag="008">880923d18991900laudn ne      0    0eng d</controlfield><datafield ind1=" " ind2=" " tag="010"><subfield code="a">sn 88064640 </subfield></datafield><datafield ind1=" " ind2=" " tag="040"><subfield code="a">LNP</subfield><subfield code="b">eng</subfield><subfield code="c">LNP</subfield><subfield code="d">OCLCQ</subfield></datafield><datafield ind1=" " ind2=" " tag="042"><subfield code="a">msc</subfield></datafield><datafield ind1="0" ind2=" " tag="130"><subfield code="a">Evening journal (Shreveport, La.)</subfield></datafield><datafield ind1="1" ind2="4" tag="245"><subfield code="a">The Evening journal.</subfield></datafield><datafield ind1="3" ind2="0" tag="246"><subfield code="a">Sunday journal</subfield></datafield><datafield ind1="3" ind2="0" tag="246"><subfield code="a">Shreveport evening journal</subfield></datafield><datafield ind1="3" ind2="0" tag="246"><subfield code="a">Shreveport Sunday journal</subfield></datafield><datafield ind1=" " ind2=" " tag="260"><subfield code="a">Shreveport, La. :</subfield><subfield code="b">Will H. Tunnard</subfield></datafield><datafield ind1=" " ind2=" " tag="300"><subfield code="a">v.</subfield></datafield><datafield ind1=" " ind2=" " tag="310"><subfield code="a">Daily (except Sat.),</subfield><subfield code="b">Apr. 29-Dec. 20, 1900</subfield></datafield><datafield ind1=" " ind2=" " tag="321"><subfield code="a">Daily (except Sat.),</subfield><subfield code="b">1899-&lt;Feb. 28, 1900&gt;</subfield></datafield><datafield ind1=" " ind2=" " tag="321"><subfield code="a">Daily,</subfield><subfield code="b">&lt;Mar. 2, 1900&gt;-Apr. 27, 1900</subfield></datafield><datafield ind1="0" ind2=" " tag="362"><subfield code="a">Fifth year (Feb. 2, 1899)-v. 5, no. 289 (Dec. 20, 1900).</subfield></datafield><datafield ind1=" " ind2=" " tag="500"><subfield code="a">On Sunday published as: Sunday journal, Feb. 5, 1899-Feb. 25, 1900; May 13-Dec. 16, 1900; and: Shreveport Sunday journal, Mar. 4, 1900-May 6, 1900.</subfield></datafield><datafield ind1=" " ind2=" " tag="500"><subfield code="a">Published as: Shreveport evening journal, &lt;Mar. 2, 1900&gt;-May 11, 1900.</subfield></datafield><datafield ind1=" " ind2=" " tag="500"><subfield code="a">Occasional supplements entitled: Shreveport evening journal.</subfield></datafield><datafield ind1=" " ind2=" " tag="752"><subfield code="a">United States</subfield><subfield code="b">Louisiana</subfield><subfield code="c">Caddo</subfield><subfield code="d">Shreveport.</subfield></datafield><datafield ind1="0" ind2="0" tag="780"><subfield code="t">Shreveport evening journal (Shreveport, La. : 1897)</subfield><subfield code="w">(DLC)sn 88064639</subfield></datafield><datafield ind1="0" ind2="0" tag="785"><subfield code="t">Shreveport evening journal (Shreveport, La. : 1900)</subfield><subfield code="w">(DLC)sn 88064641</subfield></datafield></record>